@INPROCEEDINGS{6588063, 
author={Suakanto, S. and Supangkat, S.H. and Suhardi and Saragih, R.}, 
booktitle={ICT for Smart Society (ICISS), 2013 International Conference on}, 
title={Smart city dashboard for integrating various data of sensor networks}, 
year={2013}, 
pages={1-5}, 
keywords={Internet;computerised monitoring;data integration;distributed sensors;public utilities;social aspects of automation;town and country planning;Bandung City;ICT;Indonesia;air pollution monitoring;architecture system;city monitoring;city residents;information and communication technology;job availability;local government;sensor network data integration;sensor nodes;smart city dashboard;socio-economic situation;temperature monitoring;traffic situation monitoring;urban areas;urban growth;water pollution monitoring;Cities and towns;Force;Ground penetrating radar;Internet;Monitoring;Servers;Temperature sensors;internet;monitoring;network sensor;smart city}, 
doi={10.1109/ICTSS.2013.6588063},}
@inproceedings{song2010real,
  title={Real-time monitoring portal for urban environment using sensor web technology},
  author={Song, Xianfeng and Wang, Chaoliang and Kagawa, Masakazu and Raghavan, Venkatesh},
  booktitle={Geoinformatics, 2010 18th International Conference on},
  pages={1--5},
  year={2010},
  organization={IEEE}
}
@inproceedings{bendel2013service,
  title={A Service Infrastructure for the Internet of Things based on XMPP},
  author={Bendel, S and Springer, T and Schuster, D and Schill, A and Ackermann, R and Ameling, M},
  booktitle={Pervasive Computing and Communications Workshops (PERCOM Workshops), 2013 IEEE International Conference on},
  pages={385--388},
  year={2013},
  organization={IEEE}
}
@inproceedings{blackstock2010magic,
  title={MAGIC Broker 2: An open and extensible platform for the Internet of Things},
  author={Blackstock, Michael and Kaviani, Nima and Lea, Rodger and Friday, Adrian},
  booktitle={Internet of Things (IOT), 2010},
  pages={1--8},
  year={2010},
  organization={IEEE}
}
@article{eggert2013sensorcloud,
  title={SensorCloud: Towards the Interdisciplinary Development of a Trustworthy Platform for Globally Interconnected Sensors and Actuators},
  author={Eggert, Michael and H{\"a}u{\ss}ling, Roger and Henze, Martin and Hermerschmidt, Lars and Hummen, Ren{\'e} and Kerpen, Daniel and P{\'e}rez, Antonio Navarro and Rumpe, Bernhard and Thi{\ss}en, Dirk and Wehrle, Klaus},
  journal={arXiv preprint arXiv:1310.6542},
  year={2013}
}
@article{katsiri2005middleware,
  title={Middleware support for context-awareness in distributed sensor-driven systems},
  author={Katsiri, Eleftheria},
  journal={University of Cambridge, Computer Laboratory, Technical Report},
  number={UCAM-CL-TR-620},
  year={2005}
}
@article{daniel2007understanding,
  title={Understanding ui integration: A survey of problems, technologies, and opportunities},
  author={Daniel, Florian and Matera, Maristella and Yu, Jin and Benatallah, Boualem and Saint-Paul, Regis and Casati, Fabio},
  journal={Internet Computing, IEEE},
  volume={11},
  number={3},
  pages={59--66},
  year={2007},
  publisher={IEEE}
}
@inproceedings{nath2006challenges,
  title={Challenges in building a portal for sensors world-wide},
  author={Nath, Suman and Liu, Jie and Zhao, Feng},
  booktitle={First Workshop on World-Sensor-Web},
  year={2006}
}
@article{taivalsaari2009mashware,
  title={Mashware: The future of web applications},
  author={Taivalsaari, Antero},
  year={2009},
  publisher={Sun Microsystems, Inc.}
}
@inproceedings{koschmider2009elucidating,
  title={Elucidating the mashup hype: Definition, challenges, methodical guide and tools for mashups},
  author={Koschmider, Agnes and Torres, Victoria and Pelechano, Vicente},
  booktitle={Proceedings of the 2nd Workshop on Mashups, Enterprise Mashups and Lightweight Composition on the Web at WWW},
  year={2009}
}
@inproceedings{daniel2010toward,
  title={Toward process mashups: key ingredients and open research challenges},
  author={Daniel, Florian and Koschmider, Agnes and Nestler, Tobias and Roy, Marcus and Namoun, Abdallah},
  booktitle={Proceedings of the 3rd and 4th International Workshop on Web APIs and Services Mashups},
  pages={9},
  year={2010},
  organization={ACM}
}
@inproceedings{aghaee2012reusable,
  title={Reusable decision space for mashup tool design},
  author={Aghaee, Saeed and Nowak, Marcin and Pautasso, Cesare},
  booktitle={Proceedings of the 4th ACM SIGCHI symposium on Engineering interactive computing systems},
  pages={211--220},
  year={2012},
  organization={ACM}
}
@inproceedings{pautasso2008restful,
  title={Restful web services vs. big'web services: making the right architectural decision},
  author={Pautasso, Cesare and Zimmermann, Olaf and Leymann, Frank},
  booktitle={Proceedings of the 17th international conference on World Wide Web},
  pages={805--814},
  year={2008},
  organization={ACM}
}
@inproceedings{seong2006usability,
  title={Usability guidelines for designing mobile learning portals},
  author={Seong, Daniel Su Kuen},
  booktitle={Proceedings of the 3rd international conference on Mobile technology, applications \& systems},
  pages={25},
  year={2006},
  organization={ACM}
}